@misc{ActivityPub,
    author = {Lemmer-Webber, Christine and Tallon, Jessica and Shepherd, Erin and Guy, Amy and Prodromou, Evan},
    title = {{ActivityPub}},
    howpublished = {W3C Recommendation},
    year = {2018},
    month = jan,
    url = {https://www.w3.org/TR/2018/REC-activitypub-20180123/}
}

@misc{Mastodon,
    author = {{Mastodon gGmbH}},
    title = {Mastodon},
    url = {https://joinmastodon.org/}
}

@misc{Yeung:2023,
    author = {Yeung, Douglas},
    title = {The `Digital Town Square' Problem},
    year = {2023},
    month = jan,
    howpublished = {The RAND Blog},
    url = {https://www.rand.org/blog/2023/01/the-digital-town-square-problem.html},
    note = {Archived at \url{https://perma.cc/3GM7-3VPP}}
}

@misc{Adida:2022,
    author = {Adida, Ben},
    title = {Don't let federation make the experience suck},
    year = {2022},
    month = dec,
    url = {https://benlog.com/2022/12/28/dont-let-federation-make-the-experience-suck/},
    note = {Archived at \url{https://perma.cc/W7CY-TF23}}
}

@techreport{Barabas:2017,
    author = {Barabas, Chelsea and Narula, Neha and Zuckerman, Ethan},
    title = {Defending Internet Freedom through Decentralization: Back to the Future?},
    institution = {MIT Media Lab},
    year = {2017},
    month = aug,
    url = {https://dci.mit.edu/decentralizedweb},
    note = {Archived at \url{https://perma.cc/Q8CJ-D44Y}}
}

@misc{BlueskyGithub,
    author = {{Bluesky, PBC}},
    title = {{GitHub} repositories},
    url = {https://github.com/bluesky-social}
}

@misc{AtProtoClients,
    author = {{Bluesky, PBC}},
    title = {{AT Protocol} Community Projects},
    url = {https://atproto.com/community/projects}
}

@misc{AtProtoSpecs,
    author = {{Bluesky, PBC}},
    title = {{AT Protocol} Specification},
    url = {https://atproto.com/specs/atp}
}

@misc{PrivateBlocks,
    author = {Newbold, Bryan},
    title = {Mechanisms for private ``block'' relationships between Bluesky accounts},
    year = {2023},
    month = jun,
    url = {https://github.com/bluesky-social/atproto/discussions/1131}
}

@misc{AlgorithmicChoice,
    author = {Graber, Jay},
    title = {Algorithmic choice},
    year = {2023},
    month = mar,
    url = {https://blueskyweb.xyz/blog/3-30-2023-algorithmic-choice},
    note = {Archived at \url{https://perma.cc/WQR6-5QJF}}
}

@misc{CustomFeeds,
    author = {{Bluesky, PBC}},
    title = {Algorithmic Choice with Custom Feeds},
    year = {2023},
    month = jul,
    url = {https://blueskyweb.xyz/blog/7-27-2023-custom-feeds},
    note = {Archived at \url{https://perma.cc/Z6U4-VMY8}}
}

@misc{Moderation,
    author = {{Bluesky, PBC}},
    title = {Moderation in a Public Commons},
    year = {2023},
    month = jun,
    url = {https://blueskyweb.xyz/blog/6-23-2023-moderation-proposals},
    note = {Archived at \url{https://perma.cc/XFX2-CCFJ}}
}

@misc{DomainHandle,
    author = {Liu, Emily},
    title = {How to set your domain as your handle},
    year = {2023},
    month = apr,
    url = {https://blueskyweb.xyz/blog/4-28-2023-domain-handle-tutorial},
    note = {Archived at \url{https://perma.cc/4LNR-6YC5}}
}

@misc{PurchaseDomain,
    author = {{Bluesky, PBC}},
    title = {Purchase and Manage Domains Directly Through {Bluesky}},
    year = {2023},
    month = jul,
    url = {https://blueskyweb.xyz/blog/7-05-2023-namecheap},
    note = {Archived at \url{https://perma.cc/QUA7-L8QJ}}
}

@misc{ENS,
    author = {{ENS Labs Limited}},
    title = {Ethereum Name Service},
    url = {https://ens.domains/about/}
}

%% https://hal.inria.fr/hal-02303490/document
@inproceedings{Auvolat:2019,
    author = {Auvolat, Alex and Taïani, François},
    title = {{Merkle Search Trees}: Efficient State-Based {CRDTs} in Open Networks},
    booktitle = {38th Symposium on Reliable Distributed Systems},
    series = {SRDS 2019},
    year = {2019},
    pages = {221--230},
    publisher = {IEEE},
    doi = {10.1109/srds47363.2019.00032}
}

@misc{DIDCore,
    author = {Sporny, Manu and Longley, Dave and Sabadello, Markus and Reed, Drummond and Steele, Orie and Allen, Christopher},
    title = {Decentralized Identifiers ({DIDs}) v1.0: Core architecture, data model, and representations},
    howpublished = {W3C Recommendation},
    year = {2022},
    month = jul,
    url = {https://www.w3.org/TR/did-core/}
}

@misc{DIDMethods,
    author = {Steele, Orie and Sporny, Manu},
    title = {{DID} Specification Registries: The interoperability registry for Decentralized Identifiers},
    howpublished = {W3C DID Working Group},
    year = {2023},
    month = oct,
    url = {https://w3c.github.io/did-spec-registries/#did-methods}
}

@misc{did:web,
    author = {Gribneau, Christian and Prorock, Michael and Steele, Orie and Terbu, Oliver and Xu, Mike and Zagidulin, Dmitri},
    title = {{did:web} Method Specification},
    howpublished = {W3C Credentials Community Group},
    year = {2023},
    month = may,
    url = {https://w3c-ccg.github.io/did-method-web/}
}

@misc{did:plc,
    author = {Holmgren, Daniel and Newbold, Bryan and Ivy, Devin and Gold, Jake},
    title = {{DID PLC} Method ({did:plc})},
    year = {2023},
    url = {https://github.com/did-method-plc/did-method-plc}
}

@misc{Labeling,
    author = {{Bluesky, PBC}},
    title = {0002 Labeling and Moderation Controls},
    year = {2023},
    url = {https://github.com/bluesky-social/proposals/tree/main/0002-labeling-and-moderation-controls}
}

@article{Laurie:2014,
    author = {Laurie, Ben},
    title = {Certificate Transparency},
    journal = {ACM Queue},
    volume = {12},
    number = {8},
    pages = {10--19},
    year = {2014},
    month = aug,
    doi = {10.1145/2668152.2668154}
}
